[gd_scene load_steps=9 format=2]

[ext_resource path="res://World/Components/TriggerTypes/Lever.tscn" type="PackedScene" id=1]
[ext_resource path="res://Objects/Actors/Door.tscn" type="PackedScene" id=2]
[ext_resource path="res://Objects/Actors/Goblin.tscn" type="PackedScene" id=3]
[ext_resource path="res://World/Components/MapTrigger.tscn" type="PackedScene" id=4]
[ext_resource path="res://World/MapBase/Layer1/PlaceholderMinecarts.tres" type="TileSet" id=5]
[ext_resource path="res://Resources/Data/layer1.tres" type="TileSet" id=6]
[ext_resource path="res://World/MapBase/map.gd" type="Script" id=7]
[ext_resource path="res://Objects/Components/TrapComponent.tscn" type="PackedScene" id=8]

[node name="Level2" type="Node2D"]
script = ExtResource( 7 )

[node name="Visuals" type="Node2D" parent="."]
pause_mode = 1

[node name="Maps" type="Node2D" parent="."]
pause_mode = 1

[node name="TileMap" type="TileMap" parent="Maps"]
z_index = 1
tile_set = ExtResource( 6 )
cell_size = Vector2( 16, 16 )
format = 1
tile_data = PoolIntArray( -1, 25, 0, -65536, 25, 0, -65535, 24, 0, -65534, 23, 0, -65533, 25, 0, -65532, 6, 0, -65531, 16, 0, -65530, 27, 0, -65529, 13, 0, 65535, 27, 0, 0, 27, 0, 1, 27, 0, 2, 27, 0, 3, 27, 0, 4, 14, 0, 5, 9, 0, 6, 27, 0, 7, 17, 0, 131071, 3, 0, 65536, 3, 0, 65537, 3, 0, 65538, 4, 0, 65539, 27, 0, 65540, 14, 0, 65541, 9, 0, 65542, 27, 0, 65543, 14, 0, 131074, 16, 0, 131075, 27, 0, 131076, 13, 0, 131077, 20, 0, 131078, 27, 0, 131079, 14, 0, 196610, 9, 0, 196611, 27, 0, 196612, 14, 0, 196613, 9, 0, 196614, 27, 0, 196615, 13, 0, 262146, 20, 0, 262147, 27, 0, 262148, 13, 0, 262149, 7, 0, 262150, 3, 0, 262151, 8, 0, 327682, 9, 0, 327683, 27, 0, 327684, 22, 0, 327685, 24, 0, 327686, 23, 0, 327687, 25, 0, 327688, 6, 0, 393218, 16, 0, 393219, 27, 0, 393220, 27, 0, 393221, 27, 0, 393222, 27, 0, 393223, 27, 0, 393224, 17, 0, 458754, 7, 0, 458755, 1, 0, 458756, 1, 0, 458757, 1, 0, 458758, 4, 0, 458759, 27, 0, 458760, 14, 0 )

[node name="Minecarts" type="TileMap" parent="Maps"]
z_index = 1
tile_set = ExtResource( 5 )
cell_size = Vector2( 16, 16 )
format = 1
tile_data = PoolIntArray( 18, 0, 0, 131081, 0, 0, 131086, 0, 0, 196617, 0, 0, 196623, 0, 0, 196626, 0, 0 )

[node name="Triggers" type="Node2D" parent="."]
pause_mode = 1
z_index = 1

[node name="MapGoal" parent="Triggers" instance=ExtResource( 4 )]
position = Vector2( -16, 0 )
map_goal = true

[node name="MapGoal2" parent="Triggers" instance=ExtResource( 4 )]
position = Vector2( 112, 112 )
map_goal = true
trigger_id = 1

[node name="LeverTrigger" parent="Triggers" instance=ExtResource( 1 )]
position = Vector2( 96, 48 )
group_trigger = "Door"

[node name="Events" type="Node2D" parent="."]
pause_mode = 1
z_index = 1

[node name="Actors" type="Node2D" parent="."]
pause_mode = 1
z_index = 1

[node name="Goblin" parent="Actors" instance=ExtResource( 3 )]
position = Vector2( 96, 16 )

[node name="Props" type="Node2D" parent="."]
pause_mode = 1
z_index = 1

[node name="Door" parent="Props" instance=ExtResource( 2 )]
position = Vector2( 16, 0 )

[node name="Door2" parent="Props" instance=ExtResource( 2 )]
position = Vector2( 96, 96 )

[node name="TrapComponent" parent="Props/Door2" instance=ExtResource( 8 )]

[editable path="Props/Door2"]
