[gd_scene load_steps=14 format=2]

[ext_resource path="res://Objects/Actors/door.gd" type="Script" id=1]
[ext_resource path="res://Resources/Graphics/uncolored_mask.png" type="Texture" id=2]
[ext_resource path="res://Objects/Components/NavBrain/NavBrain.tscn" type="PackedScene" id=3]
[ext_resource path="res://Objects/Components/StateMachine/StateMachine.tscn" type="PackedScene" id=4]
[ext_resource path="res://Objects/Components/BodyArea.tscn" type="PackedScene" id=5]
[ext_resource path="res://Objects/Components/Possessable/Possessable.tscn" type="PackedScene" id=6]
[ext_resource path="res://Resources/Graphics/actors_and_props.png" type="Texture" id=7]
[ext_resource path="res://Objects/Components/StateMachine/States/Idle.tscn" type="PackedScene" id=8]
[ext_resource path="res://Objects/Components/StateMachine/States/Process.tscn" type="PackedScene" id=9]
[ext_resource path="res://Objects/Components/StateMachine/NavGoals/GoalProp.tscn" type="PackedScene" id=10]
[ext_resource path="res://Objects/Components/StateMachine/States/Fight.tscn" type="PackedScene" id=11]
[ext_resource path="res://Objects/Components/StateMachine/States/Dying.tscn" type="PackedScene" id=12]
[ext_resource path="res://Objects/Components/StateMachine/States/Dead.tscn" type="PackedScene" id=13]

[node name="Door" type="Sprite" groups=[
"Door",
]]
texture = ExtResource( 7 )
centered = false
vframes = 10
hframes = 10
frame = 4
script = ExtResource( 1 )
life_time = 20.0
door_weight = 1.0

[node name="NavBrain" parent="." instance=ExtResource( 3 )]

[node name="Possessable" parent="." instance=ExtResource( 6 )]

[node name="StateMachine" parent="." instance=ExtResource( 4 )]

[node name="Idle" parent="StateMachine" instance=ExtResource( 8 )]

[node name="Process" parent="StateMachine" instance=ExtResource( 9 )]

[node name="Prop" parent="StateMachine/Process" instance=ExtResource( 10 )]

[node name="Fight" parent="StateMachine" instance=ExtResource( 11 )]

[node name="Dying" parent="StateMachine" instance=ExtResource( 12 )]

[node name="Dead" parent="StateMachine" instance=ExtResource( 13 )]

[node name="State" type="Label" parent="."]
margin_left = 3.67548
margin_top = -17.6422
margin_right = 43.6755
margin_bottom = -3.64221
__meta__ = {
"_edit_use_anchors_": false
}

[node name="Gridpos" type="Label" parent="."]
margin_left = 2.05338
margin_top = -38.5008
margin_right = 42.0534
margin_bottom = -24.5008
__meta__ = {
"_edit_use_anchors_": false
}

[node name="AnimationGlow" type="AnimationPlayer" parent="."]

[node name="BodyArea" parent="." instance=ExtResource( 5 )]

[node name="LifeTimer" type="Timer" parent="."]

[node name="VisionAreaParent" type="Node2D" parent="."]
visible = false

[node name="VisionDraw" type="Light2D" parent="."]
visible = false
position = Vector2( 8, 8 )
texture = ExtResource( 2 )
mode = 2
shadow_enabled = true
shadow_filter = 1

[editable path="NavBrain"]
