[gd_scene load_steps=13 format=2]

[ext_resource path="res://Resources/Graphics/actors_and_props.png" type="Texture" id=1]
[ext_resource path="res://Objects/Components/VisionDraw.tscn" type="PackedScene" id=2]
[ext_resource path="res://Objects/Components/BodyArea.tscn" type="PackedScene" id=3]
[ext_resource path="res://Objects/Components/NavBrain/NavBrain.tscn" type="PackedScene" id=4]
[ext_resource path="res://Objects/Components/StateMachine/StateMachine.tscn" type="PackedScene" id=5]
[ext_resource path="res://Objects/Components/Possessable/Possessable.tscn" type="PackedScene" id=6]
[ext_resource path="res://Objects/Components/StateMachine/NavGoals/goal_minecart.gd" type="Script" id=7]
[ext_resource path="res://Objects/Components/StateMachine/States/Travel.tscn" type="PackedScene" id=8]
[ext_resource path="res://Objects/Components/StateMachine/States/Process.tscn" type="PackedScene" id=9]
[ext_resource path="res://Objects/Actors/minecart.gd" type="Script" id=10]
[ext_resource path="res://Objects/Components/StateMachine/States/Idle.tscn" type="PackedScene" id=11]
[ext_resource path="res://Objects/Components/StateMachine/States/Interact.tscn" type="PackedScene" id=12]

[node name="Minecart" type="Sprite" groups=[
"Living",
"Minecart",
]]
texture = ExtResource( 1 )
centered = false
vframes = 10
hframes = 10
frame = 2
script = ExtResource( 10 )

[node name="NavBrain" parent="." instance=ExtResource( 4 )]

[node name="Possessable" parent="." instance=ExtResource( 6 )]

[node name="StateMachine" parent="." instance=ExtResource( 5 )]

[node name="Process" parent="StateMachine" instance=ExtResource( 9 )]

[node name="GoalMinecart" type="Node" parent="StateMachine/Process"]
script = ExtResource( 7 )

[node name="Travel" parent="StateMachine" instance=ExtResource( 8 )]

[node name="Idle" parent="StateMachine" instance=ExtResource( 11 )]

[node name="Interact" parent="StateMachine" instance=ExtResource( 12 )]

[node name="State" type="Label" parent="."]
margin_left = 3.67548
margin_top = -17.6422
margin_right = 43.6755
margin_bottom = -3.64221
__meta__ = {
"_edit_use_anchors_": false
}

[node name="Gridpos" type="Label" parent="."]
margin_left = 2.05338
margin_top = -38.5008
margin_right = 42.0534
margin_bottom = -24.5008
__meta__ = {
"_edit_use_anchors_": false
}

[node name="AnimationGlow" type="AnimationPlayer" parent="."]

[node name="BodyArea" parent="." instance=ExtResource( 3 )]

[node name="LifeTimer" type="Timer" parent="."]

[node name="VisionAreaParent" type="Node2D" parent="."]

[node name="VisionDraw" parent="." instance=ExtResource( 2 )]

[editable path="NavBrain"]
